@misc{openmp,
title = {The {O}pen{MP} specification},
howpublished = {http://openmp.org}
}

@misc{openmptut,
title = {How to use {OpenMP}},
howpublished = {https://computing.llnl.gov/tutorials/openMP/}
}

@unpublished{towards,
title = {{T}owards a {H}igh-{P}erformance {R}obust {I}mplementation of {MPI-IO} on top of {GPFS}},
author = {{J. P. P}rost and {R. T}reumann and {R. B}lackmore and {C. H}artman and {R. H}edges and {B. J}ia and {A. K}oniges and {A. W}hite},
year = {2000},
note = {Preprint, available at https://computing.llnl.gov/code/sio/ucrl-jc-137128.pdf},
publisher = {{L}awrence {L}ivermore {N}ational {L}aboratory}
}

@unpublished{mpi-io,
title = {{P}arallel {I/O T}echniques},
author = {(none given)},
year = {2003},
note = {Workshop slides, available at http://www.osc.edu/supercomputing/training/pario/parallel-io-nov04.pdf},
publisher = {{O}hio {S}upercomputer {C}enter}
}

@unpublished{mpi-io2,
title = {{Parallel I/O in MPI}},
author = {{R}ajeev {T}hakur},
year = {2000},
note = {{L}ecture slides, available at http://www.classes.cs.uchicago.edu/archive/2000/fall/CS103-01/Lectures/mpi-io/},
publisher = {{U}niversity of {C}hicago}
}

@book{culler1999parallel,
title = {Parallel computer architecture: a hardware/software approach},
author = {Culler, David E and Singh, Jaswinder Pal and Gupta, Anoop},
year = {1999},
publisher = {Gulf Professional Publishing}
}

@article{douglas2000portable,
title = {Portable memory hierarchy techniques for PDE solvers: Part II},
author = {Douglas, Craig C and Haase, Gundolf and Hu, Jonathan and Kowarschik, Markus and R{\"u}de, Ulrich and Weiss, Christian},
journal = {Siam News},
volume = {33},
number = {6},
pages = {1},
year = {2000}
}

@book{lande2004,
title = {Optimaliserting av flyttallsintensive programmer},
author = {Lande, B},
year = {2004},
publisher = {Institutt for matematiske fag, {NTNU}},
}
